<?xml version="1.0" encoding="UTF-8"?><collection xmlns="http://www.loc.gov/MARC21/slim"><record><leader>00499nam--2200169-i-4500</leader><controlfield tag="001">000012017</controlfield><controlfield tag="002">20161230</controlfield><controlfield tag="005">20161230201029</controlfield><controlfield tag="008">060222s1000------------r-----000-0-eng-d</controlfield><datafield ind1=" " ind2=" " tag="080"><subfield code="a">514.7</subfield></datafield><datafield ind1=" " ind2=" " tag="100"><subfield code="a">Abramescu, N</subfield></datafield><datafield ind1=" " ind2=" " tag="245"><subfield code="a">Lectiuni de geometrie pura infinitezimala. cu o prefata de maurice d ocagne</subfield></datafield><datafield ind1=" " ind2=" " tag="260"><subfield code="a">Cluj, Editura Universitatii Din Cluj, 1930</subfield></datafield><datafield ind1=" " ind2=" " tag="300"><subfield code="a">233 P</subfield></datafield><datafield ind1=" " ind2=" " tag="490"><subfield code="a">Cursul Facultatii De Stiinte, Univ. Din Cluj</subfield></datafield><datafield ind1=" " ind2=" " tag="852"><subfield code="a">44474</subfield><subfield code="c">513</subfield></datafield><datafield ind1=" " ind2=" " tag="CAT"><subfield code="a">Sys</subfield><subfield code="c">20080528</subfield><subfield code="h">091939</subfield></datafield></record></collection>